<?xml version="1.0" encoding="UTF-8"?><record xmlns="http://www.loc.gov/MARC21/slim" xmlns:cinclude="http://apache.org/cocoon/include/1.0" xmlns:zs="http://www.loc.gov/zing/srw/">
  <leader>00409nz  a2200133n  4500</leader>
  <controlfield tag="001">nb2006020344</controlfield>
  <controlfield tag="003">DLC</controlfield>
  <controlfield tag="005">20060918111023.0</controlfield>
  <controlfield tag="008">060913n| acannaabn          |n aaa      </controlfield>
  <datafield tag="010" ind1=" " ind2=" ">
    <subfield code="a">nb2006020344</subfield>
  </datafield>
  <datafield tag="035" ind1=" " ind2=" ">
    <subfield code="a">(Uk)006589988</subfield>
  </datafield>
  <datafield tag="040" ind1=" " ind2=" ">
    <subfield code="a">Uk</subfield>
    <subfield code="b">eng</subfield>
    <subfield code="c">Uk</subfield>
  </datafield>
  <datafield tag="100" ind1="1" ind2=" ">
    <subfield code="a">Rowley, Ian</subfield>
  </datafield>
  <datafield tag="670" ind1=" " ind2=" ">
    <subfield code="a">Development of guidance for the mitigation of human error in automated ship-borne maritime systems, 2006:</subfield>
    <subfield code="b">PDF t.p. (Ian Rowley)</subfield>
  </datafield>
</record>